%please read the documentation of Biblatex first!

@MANUAL{biblatex,
  author = {Lehman, Philipp and Boruvka, Audrey and Kime, Philip and Wright,
	Joseph},
  title = {The biblatex Package},
  subtitle = {Programmable Bibliographies and Citations},
  language = {english},
  url = {ftp://ftp.tu-chemnitz.de/pub/tex/macros/latex/contrib/biblatex/doc/biblatex.pdf},
  urldate = {2013-01-25},
  label = {bib}
}

@online{UPSNet,
	author = {Yuwen Xiong and Renjie Liao and Hengshuang Zhao and Rui Hu and Min Bai and Ersin Yumer and Raquel Urtasun},
	title = {UPSNet: A Unified Panoptic Segmentation Network},
	language = {english},
	url = {https://arxiv.org/pdf/1901.03784.pdf},
	urldate = {2019-07-24},
	label = {ups} 
}

@online{DeepLab1,
	author = {Liang-Chieh Chen and George Papandreou and Iasonas Kokkinos and Kevin Murphy and Alan L. Yuille},
	title = {Semantic Image Segmentation with Deep Convolutional Nets and Fully Connected CRFs
	},
	language = {english},
	url = {https://arxiv.org/pdf/1412.7062.pdf},
	urldate = {2019-07-24},
	label = {dl1} 
}

@online{DeepLab2,
	author = {Liang-Chieh Chen and George Papandreou and Iasonas Kokkinos and Kevin Murphy and Alan L. Yuille},
	title = {DeepLab: Semantic Image Segmentation with Deep Convolutional Nets, Atrous Convolution, and Fully Connected CRFs},
	language = {english},
	url = {https://arxiv.org/pdf/1606.00915.pdf},
	urldate = {2019-07-24},
	label = {dl2} 
}

@online{Lovasz,
	author = {Maxim Berman and Amal Rannen Triki and Matthew B. Blaschko},
	title = {The Lovasz-Softmax loss: A tractable surrogate for the optimization of the ´
intersection-over-union measure in neural networks},
	language = {english},
	url = {https://zpascal.net/cvpr2018/Berman_The_LovaSz-Softmax_Loss_CVPR_2018_paper.pdf},
	urldate = {2019-08-05},
	label = {lov} 
}

@online{MaskRCNN,
	author = {Kaiming He and Georgia Gkioxari and Piotr Dollár and Ross Girshick},
	title = {Mask R-CNN},
	language = {english},
	url = {https://arxiv.org/pdf/1703.06870.pdf},
	urldate = {2019-08-12},
	label = {rcnn} 
}

@online{PointNet,
	author = {Charles R. Qi and Hao Su and Kaichun Mo and Leonidas J. Guibas},
	title = {PointNet: Deep Learning on Point Sets for 3D Classification and Segmentation},
	language = {english},
	url = {https://arxiv.org/pdf/1612.00593.pdf},
	urldate = {2019-08-12},
	label = {pnet} 
}

@inproceedings{Cityscapes,
	title={The Cityscapes Dataset for Semantic Urban Scene Understanding},
	author={Cordts, Marius and Omran, Mohamed and Ramos, Sebastian and Rehfeld, Timo and Enzweiler, Markus and Benenson, Rodrigo and Franke, Uwe and Roth, Stefan and Schiele, Bernt},
	booktitle={Proc. of the IEEE Conference on Computer Vision and Pattern Recognition (CVPR)},
	year={2016}
}

@online{KITTI,
	author = {Andreas Geiger and Philip Lenz and Christoph Stiller and Raquel Urtasun},
	title = {Vision meets Robotics: The KITTI Dataset},
	language = {english},
	url = {http://www.cvlibs.net/publications/Geiger2013IJRR.pdf},
	urldate = {2019-08-14},
	label = {kit} 
}

@book{Goodfellow-et-al-2016,
	title={Deep Learning},
	author={Ian Goodfellow and Yoshua Bengio and Aaron Courville},
	publisher={MIT Press},
	note={\url{http://www.deeplearningbook.org}},
	year={2016}
}

@article{DBLP:journals/corr/HeZRS15,
	author    = {Kaiming He and
	Xiangyu Zhang and
	Shaoqing Ren and
	Jian Sun},
	title     = {Deep Residual Learning for Image Recognition},
	journal   = {CoRR},
	volume    = {abs/1512.03385},
	year      = {2015},
	url       = {http://arxiv.org/abs/1512.03385},
	archivePrefix = {arXiv},
	eprint    = {1512.03385},
	timestamp = {2019-09-01},
	biburl    = {https://dblp.org/rec/bib/journals/corr/HeZRS15},
	bibsource = {dblp computer science bibliography, https://dblp.org}
}

@inproceedings{CRF,
	author = {Lafferty, John D. and McCallum, Andrew and Pereira, Fernando C. N.},
	title = {Conditional Random Fields: Probabilistic Models for Segmenting and Labeling Sequence Data},
	booktitle = {Proceedings of the Eighteenth International Conference on Machine Learning},
	series = {ICML '01},
	year = {2001},
	isbn = {1-55860-778-1},
	pages = {282--289},
	numpages = {8},
	url = {https://repository.upenn.edu/cgi/viewcontent.cgi?article=1162&context=cis_papers},
	acmid = {655813},
	publisher = {Morgan Kaufmann Publishers Inc.},
	address = {San Francisco, CA, USA},
} 

@online{CrfIntro,
	author = {Charles Sutton and Andrew McCallum},
	title = {An Introduction to Conditional Random Fields},
	language = {english},
	url = {https://arxiv.org/pdf/1011.4088.pdf},
	urldate = {2019-09-02},
	label = {crf} 
}

@book{Hartley,
	author = {Hartley, Richard and Zisserman, Andrew},
	title = {Multiple View Geometry in Computer Vision},
	year = {2003},
	isbn = {0521540518},
	edition = {2},
	publisher = {Cambridge University Press},
	address = {New York, NY, USA},
} 

@MISC{Fusiello06elementsof,
	author = {Andrea Fusiello},
	title = {Elements of Geometric Computer Vision},
	year = {2006}
}

@book{gonzalez2008digital,
	address = {Upper Saddle River, N.J.},
	author = {Gonzalez, Rafael C. and Woods, Richard E.},
	biburl = {https://www.bibsonomy.org/bibtex/2bd73f6e1350f31aa5da16268e2b1e694/alex_ruff},
	description = {Digital Image Processing (3rd Edition): Rafael C. Gonzalez, Richard E. Woods: 9780131687288: Amazon.com: Books},
	publisher = {Prentice Hall},
	refid = {137312858},
	timestamp = {2014-07-10T10:50:48.000+0200},
	title = {Digital image processing},
	year = 2008
}

@online{MobileNetV2,
	author = {Mark Sandler and Andrew Howard and Menglong Zhu and Andrey Zhmoginov and Liang-Chieh Chen},
	title = {MobileNetV2: Inverted Residuals and Linear Bottlenecks},
	language = {english},
	url = {https://arxiv.org/pdf/1801.04381.pdf},
	urldate = {2019-09-05},
	label = {mn2} 
}

@online{Xception,
	author = {Fran{\c{c}}ois Chollet},
	title = {Xception: Deep Learning with Depthwise Separable Convolutions},
	language = {english},
	url = {https://arxiv.org/pdf/1610.02357.pdf},
	urldate = {2019-09-05},
	label = {xce} 
}

@online{FPN,
	author = {Tsung{-}Yi Lin and
	Piotr Doll{\'{a}}r and
	Ross B. Girshick and
	Kaiming He and
	Bharath Hariharan and
	Serge J. Belongie},
	title = {Feature Pyramid Networks for Object Detection},
	language = {english},
	url = {https://arxiv.org/pdf/1612.03144.pdf},
	urldate = {2019-09-09},
	label = {fpn} 
}

@article{DBLP:journals/corr/abs-1904-09172,
	author    = {Rui Yao and
	Guosheng Lin and
	Shixiong Xia and
	Jiaqi Zhao and
	Yong Zhou},
	title     = {Video Object Segmentation and Tracking: {A} Survey},
	journal   = {CoRR},
	volume    = {abs/1904.09172},
	year      = {2019},
	url       = {http://arxiv.org/abs/1904.09172},
	archivePrefix = {arXiv},
	eprint    = {1904.09172},
	timestamp = {Fri, 26 Apr 2019 13:18:53 +0200},
	biburl    = {https://dblp.org/rec/bib/journals/corr/abs-1904-09172},
	bibsource = {dblp computer science bibliography, https://dblp.org}
}

@article{OffRoad,
	author = {Sharma, Suvash and Tang, Bo and Ball, John and Carruth, Daniel and Doude, Matthew and Islam, Muhammad Aminul},
	year = {2019},
	month = {06},
	pages = {},
	title = {Semantic Segmentation with Transfer Learning for Off-Road Autonomous Driving},
	volume = {19},
	journal = {Sensors},
	doi = {10.3390/s19112577}
}

@article{journals/corr/RonnebergerFB15,
	added-at = {2018-08-13T00:00:00.000+0200},
	author = {Ronneberger, Olaf and Fischer, Philipp and Brox, Thomas},
	biburl = {https://www.bibsonomy.org/bibtex/2b99e0743410b0939acaeb871134a21d7/dblp},
	ee = {http://arxiv.org/abs/1505.04597},
	interhash = {9158de16b2caff7458df054dc6fc2748},
	intrahash = {b99e0743410b0939acaeb871134a21d7},
	journal = {CoRR},
	keywords = {dblp},
	timestamp = {2018-08-14T13:02:37.000+0200},
	title = {U-Net: Convolutional Networks for Biomedical Image Segmentation.},
	url = {http://dblp.uni-trier.de/db/journals/corr/corr1505.html#RonnebergerFB15},
	volume = {abs/1505.04597},
	year = 2015
}

@article{DBLP:journals/corr/abs-1904-03983,
	author    = {Adrien Nivaggioli and
	Hicham Randrianarivo},
	title     = {Weakly Supervised Semantic Segmentation of Satellite Images},
	journal   = {CoRR},
	volume    = {abs/1904.03983},
	year      = {2019},
	url       = {http://arxiv.org/abs/1904.03983},
	archivePrefix = {arXiv},
	eprint    = {1904.03983},
	timestamp = {Thu, 25 Apr 2019 13:55:01 +0200},
	biburl    = {https://dblp.org/rec/bib/journals/corr/abs-1904-03983},
	bibsource = {dblp computer science bibliography, https://dblp.org}
}

@article{HumanSegmentation,
	author = {Vineet, Vibhav and Warrell, Jonathan and Ladický, L and Torr, Philip},
	year = {2011},
	month = {01},
	pages = {},
	title = {Human Instance Segmentation from Video using Detector-based Conditional Random Fields},
	journal = {BMVC 2011 - Proceedings of the British Machine Vision Conference 2011},
	doi = {10.5244/C.25.80}
}

@article{ObjSegmentation,
	author = {Girisha, R. and Murali, S.},
	year = {2010},
	month = {08},
	pages = {},
	title = {Object Segmentation from Surveillance Video Sequences},
	journal = {Proceedings - 1st International Conference on Integrated Intelligent Computing, ICIIC 2010},
	doi = {10.1109/ICIIC.2010.52}
}

@article{DBLP:journals/corr/LinMBHPRDZ14,
	author    = {Tsung{-}Yi Lin and
	Michael Maire and
	Serge J. Belongie and
	Lubomir D. Bourdev and
	Ross B. Girshick and
	James Hays and
	Pietro Perona and
	Deva Ramanan and
	Piotr Doll{\'{a}}r and
	C. Lawrence Zitnick},
	title     = {Microsoft {COCO:} Common Objects in Context},
	journal   = {CoRR},
	volume    = {abs/1405.0312},
	year      = {2014},
	url       = {http://arxiv.org/abs/1405.0312},
	archivePrefix = {arXiv},
	eprint    = {1405.0312},
	timestamp = {Mon, 13 Aug 2018 16:48:13 +0200},
	bibsource = {dblp computer science bibliography, https://dblp.org}
}

@Article{Everingham10,
	author = "Everingham, M. and Van~Gool, L. and Williams, C. K. I. and Winn, J. and Zisserman, A.",
	title = "The Pascal Visual Object Classes (VOC) Challenge",
	journal = "International Journal of Computer Vision",
	volume = "88",
	year = "2010",
	number = "2",
	month = jun,
	pages = "303--338",
	biburl    = {http://host.robots.ox.ac.uk/pascal/VOC/pubs/everingham10.pdf},
}

@InProceedings{mottaghi_cvpr14,
	author       = {Roozbeh Mottaghi and Xianjie Chen and Xiaobai Liu and Nam-Gyu Cho and Seong-Whan Lee and Sanja Fidler and Raquel Urtasun and Alan Yuille},
	title        = {The Role of Context for Object Detection and Semantic Segmentation in the Wild},
	booktitle    = {IEEE Conference on Computer Vision and Pattern Recognition (CVPR)},
	year         = {2014},
}

@InProceedings{Zendel_2018_ECCV,
	author = {Zendel, Oliver and Honauer, Katrin and Murschitz, Markus and Steininger, Daniel and Fernandez Dominguez, Gustavo},
	title = {WildDash - Creating Hazard-Aware Benchmarks},
	booktitle = {The European Conference on Computer Vision (ECCV)},
	month = sep,
	year = {2018}
}

@Article{Guo2018,
	author="Guo, Yanming
	and Liu, Yu
	and Georgiou, Theodoros
	and Lew, Michael S.",
	title="A review of semantic segmentation using deep neural networks",
	journal="International Journal of Multimedia Information Retrieval",
	year="2018",
	month="Jun",
	day="01",
	volume="7",
	number="2",
	pages="87--93",
	issn="2192-662X",
	doi="10.1007/s13735-017-0141-z",
	url="https://doi.org/10.1007/s13735-017-0141-z"
}


@article{DBLP:journals/corr/abs-1805-07780,
	author    = {Vik Goel and
	Jameson Weng and
	Pascal Poupart},
	title     = {Unsupervised Video Object Segmentation for Deep Reinforcement Learning},
	journal   = {CoRR},
	volume    = {abs/1805.07780},
	year      = {2018},
	url       = {http://arxiv.org/abs/1805.07780},
	archivePrefix = {arXiv},
	eprint    = {1805.07780},
	timestamp = {Mon, 13 Aug 2018 16:46:17 +0200},
	biburl    = {https://dblp.org/rec/bib/journals/corr/abs-1805-07780},
	bibsource = {dblp computer science bibliography, https://dblp.org}
}

@InProceedings{10.1007/978-3-642-33863-2_20,
	author="Hartmann, Glenn
	and Grundmann, Matthias
	and Hoffman, Judy
	and Tsai, David
	and Kwatra, Vivek
	and Madani, Omid
	and Vijayanarasimhan, Sudheendra
	and Essa, Irfan
	and Rehg, James
	and Sukthankar, Rahul",
	editor="Fusiello, Andrea
	and Murino, Vittorio
	and Cucchiara, Rita",
	title="Weakly Supervised Learning of Object Segmentations from Web-Scale Video",
	booktitle="Computer Vision -- ECCV 2012. Workshops and Demonstrations",
	year="2012",
	publisher="Springer Berlin Heidelberg",
	address="Berlin, Heidelberg",
	pages="198--208",
	isbn="978-3-642-33863-2"
}

@inproceedings{McCallum:2002:EIF:2100584.2100633,
	author = {McCallum, Andrew},
	title = {Efficiently Inducing Features of Conditional Random Fields},
	booktitle = {Proceedings of the Nineteenth Conference on Uncertainty in Artificial Intelligence},
	series = {UAI'03},
	year = {2003},
	isbn = {0-127-05664-5},
	location = {Acapulco, Mexico},
	pages = {403--410},
	numpages = {8},
	url = {https://arxiv.org/ftp/arxiv/papers/1212/1212.2504.pdf},
	acmid = {2100633},
	publisher = {Morgan Kaufmann Publishers Inc.},
	address = {San Francisco, CA, USA},
} 

@techreport{Ryan:1993:VA:901051,
	author = {Ryan, Matthew S. and Nudd, Graham R.},
	title = {The Viterbi Algorithm},
	year = {1993},
	source = {http://www.ncstrl.org:8900/ncstrl/servlet/search?formname=detail\&id=oai%3Ancstrlh%3Awarwick_cs%3Ancstrl.warwick_cs%2F%2FCS-RR-238},
	publisher = {University of Warwick},
	address = {Coventry, UK, UK},
} 




